@article{Lepschy2021,
	author = {Lepschy, Hannes and Woll, Alexander and Wäsche, Hagen},
        title = {Success Factors in the FIFA 2018 World Cup in Russia and FIFA 2014 World Cup in Brazil},
	journal = {Frontiers in Psychology},
	volume = {12},
	year = {2021}
}

@article{Sarmento2014,
	author = {Sarmento, Hugo and Marcelino, Rui and Campanico, Jorge and Matos, Nuno and Leitão, José},
	title = {Match analysis in football: a systematic review},
	journal = {Journal of Sports Sciences},
	pages = {1831-1843},
	volume = {32},
	year = {2014}
}

@article{Hughes2005,
  author = {Hughes, Mike and Franks, Ian},
  title = {Analysis of Passing Sequences, Shots and Goals in Soccer},
  journal = {Journal of Sports Sciences},
  volume = {23},
  number = {5},
  pages = {509--514},
  year = {2005},
}

@article{Mohr2003,
	author = {Mohr, M. and Krustrup, P. and Bangsbo, J.},
	title = {Match performance of high-standard soccer players with special reference to development of fatigue},
	journal = {Journal of Sports Sciences},
	volume = {21},
	number = {7},
	pages = {519--528},
	year = {2003}
}

@article{Bradley2010,
      author = {Bradley, P. S. and Di Mascio, M. and Peart, D. and Olsen, P. and Sheldon, B.},
      title = {High-intensity activity profiles of elite soccer players at different performance levels},
      journal = {Journal of Strength and Conditioning Research},
      volume = {24},
      number = {9},
      pages = {2343--2351},
      year = {2010},

}

@article{Carey2001,
	author = {Carey, D. and Smith, G. and Smith, D. and Shepherd, J. and Skriver, J. and Ord, L. and Rutland, A.},
	title = {Footedness in world soccer: An analysis of France '98},
	journal = {Journal of Sports Sciences},
	volume = {19},
	number = {11},
	pages = {855--864},
	year = {2001}
}

@article{Lago2011,
	author = {Lago-Peñas, C. and Lago-Ballesteros, J. and Rey, E.},
	title = {Differences in performance indicators between winning and losing teams in the UEFA Champions League},
	journal = {Journal of Human Kinetics},
	volume = {27},
	pages = {135--146},
	year = {2011}
}

@article{DeBaranda2008,
	author = {De Baranda, P. and Ortega, E. and Palao, J.},
	title = {Analysis of goalkeepers’ defence in the World Cup in Korea and Japan in 2002},
	journal = {European Journal of Sport Science},
	volume = {8},
	number = {3},
	pages = {127--134},
	year = {2008}
}

@article{Rampinini2009,
         author = {Rampinini, E. and Impellizzeri, F. M. and Castagna, C. and Coutts, A. J. and Wisl{\o}ff, U.},
         doi = {10.1016/j.jsams.2007.10.002},
        title = {Technical performance during soccer matches of the Italian Serie A league: Effect of fatigue and competitive level},
        journal = {Journal of Science and Medicine in Sport},
        volume = {12},
        number = {1},
        pages = {227--233},
        year = {2009}
}


@article{Geurkink2021,
	author = {Geurkink, Yannick and Boone, Jan and Verstockt, Steven and Bourgois, Jan G.},
	doi = {10.3390/app11052378},
	title = {Machine Learning-Based Identification of the Strongest Predictive Variables of Winning and Losing in Belgian Professional Soccer},
        journal = {Applied Sciences},
	volume = {11},
	number = {5},
	pages = {2378},
	year = {2021}
}

@article{Jamil2021,
	author = {Jamil, Mikael and Liu, Hongyou and Phatak, Ashwin and Memmert, Daniel},
	doi = {10.1080/24748668.2021.1933845},
	title = {An investigation identifying which key performance indicators influence the chances of promotion to the elite leagues in professional European football},
        journal = {International Journal of Performance Analysis in Sport},
	volume = {21},
	number = {4},
	pages = {641-650},
	year = {2021}
}

@article{Andrzejewski2013,
	author = {Andrzejewski, Marcin and Chmura, Jan and Pluta, Beata and Strzelczyk, Ryszard and Kasprzak, Andrzej},
	doi = {10.1519/JSC.0b013e318279423e},
	title = {Analysis of Sprinting Activities of Professional Soccer Players},
	journal = {Journal of Strength and Conditioning Research},
	volume = {27},
	number = {8},
        pages = {2134-2140},
	year = {2013}
}
